<?xml version="1.0" encoding="UTF-8"?><collection xmlns="http://www.loc.gov/MARC21/slim"><record><leader>00307nam--2200121-i-4500</leader><controlfield tag="001">000012279</controlfield><controlfield tag="002">20161230</controlfield><controlfield tag="005">20161230201029</controlfield><controlfield tag="008">060222s1000------------r-----000-0-eng-d</controlfield><datafield ind1=" " ind2=" " tag="080"><subfield code="a">061.62(047.1:480)</subfield></datafield><datafield ind1=" " ind2=" " tag="245"><subfield code="a">Annual report5 1976 jyfl</subfield></datafield><datafield ind1=" " ind2=" " tag="260"><subfield code="a">Jyvaskyla, Department Of Physics, 1976 107 P</subfield></datafield><datafield ind1=" " ind2=" " tag="852"><subfield code="a">43908</subfield></datafield></record></collection>